@article{Efrat_curvematching,
    author = {Alon Efrat and Suresh Venkatasubramanian and Quanfu Fan},
    title = {Curve matching, time warping, and light fields: New algorithms for computing similarity between curves},
    journal = {J. Mathematic Imaging and Vision},
    year = {},
    volume = {2007}
}

@misc{ReBench:2018,
  author = {Marr, Stefan},
  doi = {10.5281/zenodo.1311762},
  month = {August},
  note = {Version 1.0},
  publisher = {GitHub},
  title = {ReBench: Execute and Document Benchmarks Reproducibly},
  year = 2018
}

@article{killick2014changepoint,
  title={changepoint: An R package for changepoint analysis},
  author={Killick, Rebecca and Eckley, Idris},
  journal={Journal of statistical software},
  volume={58},
  number={3},
  pages={1--19},
  year={2014}
}

@article{barrett2017virtual,
  title={Virtual machine warmup blows hot and cold},
  author={Barrett, Edd and Bolz-Tereick, Carl Friedrich and Killick, Rebecca and Mount, Sarah and Tratt, Laurence},
  journal={Proceedings of the ACM on Programming Languages},
  volume={1},
  number={OOPSLA},
  pages={1--27},
  year={2017},
  publisher={ACM New York, NY, USA}
}

@article{truong2020selective,
  title={Selective review of offline change point detection methods},
  author={Truong, Charles and Oudre, Laurent and Vayatis, Nicolas},
  journal={Signal Processing},
  volume={167},
  pages={107299},
  year={2020},
  publisher={Elsevier}
}
        
@inproceedings{vlachos2002discovering,
  title={Discovering similar multidimensional trajectories},
  author={Vlachos, Michail and Kollios, George and Gunopulos, Dimitrios},
  booktitle={Proceedings 18th international conference on data engineering},
  pages={673--684},
  year={2002},
  organization={IEEE}
}

@article{leviandier2012comparison,
  title={Comparison of statistical algorithms for detecting homogeneous river reaches along a longitudinal continuum},
  author={Leviandier, Thierry and Alber, Adrien and Le Ber, Florence and Pi{\'e}gay, Herv{\'e}},
  journal={Geomorphology},
  volume={138},
  number={1},
  pages={130--144},
  year={2012},
  publisher={Elsevier}
}